<collection xmlns="http://www.loc.gov/MARC21/slim"><record><leader>00593nam  2200193   450</leader><controlfield tag="001">849</controlfield><controlfield tag="003">http://montalegre.opacnet.com/OPAC/default.aspx?ContentAreaControl=ShowRegHoldings.ascx&amp;RegNo=16662</controlfield><datafield tag="095" ind1=" " ind2=" "><subfield code="a">PTBN00927538</subfield></datafield><datafield tag="100" ind1=" " ind2=" "><subfield code="a">19970928d19      m  y0pory010305  ba</subfield></datafield><datafield tag="101" ind1="1" ind2=" "><subfield code="a">por</subfield><subfield code="c">fre</subfield></datafield><datafield tag="102" ind1=" " ind2=" "><subfield code="a">PT</subfield></datafield><datafield tag="200" ind1="1" ind2=" "><subfield code="a">&lt;O &gt;rapaz, o soldado e o mar</subfield><subfield code="f">Georges Fonvilliers</subfield></datafield><datafield tag="210" ind1=" " ind2=" "><subfield code="a">Lisboa</subfield><subfield code="c">Aster</subfield><subfield code="d">[19--]</subfield></datafield><datafield tag="215" ind1=" " ind2=" "><subfield code="a">189 p.</subfield><subfield code="c">il.</subfield><subfield code="d">18 cm</subfield></datafield><datafield tag="225" ind1="2" ind2=" "><subfield code="a">Nautilus</subfield><subfield code="i">Aventura e ficção</subfield><subfield code="v">18</subfield></datafield><datafield tag="675" ind1=" " ind2=" "><subfield code="a">087.5</subfield><subfield code="z">fre</subfield></datafield><datafield tag="675" ind1=" " ind2=" "><subfield code="a">82/89-34</subfield><subfield code="v">med</subfield><subfield code="z">fre</subfield></datafield><datafield tag="700" ind1=" " ind2="1"><subfield code="a">Fonvilliers</subfield><subfield code="b">Georges</subfield></datafield><datafield tag="801" ind1=" " ind2="0"><subfield code="a">PT</subfield><subfield code="b">Biblioteca Municipal de Montalegre</subfield><subfield code="g">RPC</subfield></datafield><datafield tag="909" ind1="&#9;" ind2=" "><subfield code="a">1</subfield></datafield><datafield tag="966" ind1=" " ind2=" "><subfield code="a">0002730</subfield><subfield code="l">BMM</subfield><subfield code="s">SJ 087.5 FON rap 18</subfield></datafield></record></collection>